@Manual{R,
  title = {R: A Language and Environment for Statistical Computing},
  author = {{R Core Team}},
  organization = {R Foundation for Statistical Computing},
  address = {Vienna, Austria},
  year = {2016},
  note = {{ISBN} 3-900051-07-0},
  url = {https://www.R-project.org/},
}

@article{ihaka:1996,
  Author = {Ihaka, Ross and Gentleman, Robert},
	Journal = {Journal of Computational and Graphical Statistics},
	Number = 3,
	Pages = {299--314},
	Title = {R: A Language for Data Analysis and Graphics},
	Volume = 5,
	Year = 1996,
        url = {https://doi.org/10.1080/10618600.1996.10474713}
}

@article{Schmidt:2015ca,
author = {Schmidt, Ellen M and Zhang, Ji and Zhou, Wei and Chen, Jin and Mohlke, Karen L and Chen, Y Eugene and Willer, Cristen J},
title = {{GREGOR: evaluating global enrichment of trait-associated variants in epigenomic features using a systematic, data-driven approach}},
journal = {Bioinformatics},
year = {2015},
volume = {31},
number = {16},
pages = {2601--2606},
month = aug
}

@article{Benneyan:2010ex,
author = {Benneyan, James C and Ta{\c s}eli, Aysun},
title = {{Exact and approximate probability distributions of evidence-based bundle composite compliance measures}},
journal = {Health Care Management Science},
year = {2010},
volume = {13},
number = {3},
pages = {193--209},
month = feb
}

@article{Anonymous:iz,
author = {Kotz, Samuel and Johnson, Norman L},
title = {{Effects of False and Incomplete Identification of Defective Items on the Reliability of Acceptance Sampling}},
journal = {Operations Research},
year = {1984},
volume = {32},
number = {3},
pages = {575--583},
month = may
}


@book{Johnson:2005hg,
author = {Johnson, Norman L and Kemp, Adrienne W and Kotz, Samuel},
title = {{Univariate Discrete Distributions}},
publisher = {John Wiley {\&} Sons, Inc.},
year = {2005},
series = {Johnson/Univariate Discrete Distributions},
address = {Hoboken, NJ, USA},
month = jan
}

@article{Jolayemi:1992jz,
author = {Jolayemi, Joel K},
title = {{A unified approximation scheme for the convolution of independent binomial variables}},
journal = {Applied Mathematics and Computation},
year = {1992},
volume = {49},
number = {2-3},
pages = {269--297},
month = jun
}

@article{Eisinga:2013da,
author = {Eisinga, Rob and Te Grotenhuis, Manfred and Pelzer, Ben},
title = {{Saddlepoint approximations for the sum of independent non-identically distributed binomial random variables}},
journal = {Statistica Neerlandica},
year = {2013},
volume = {67},
number = {2},
pages = {190--201},
month = may
}

@article{Butler:2016cj,
author = {Butler, Ken and Stephens, Michael A},
title = {{The Distribution of a Sum of Independent Binomial Random Variables}},
journal = {Methodology and Computing in Applied Probability},
year = {2016},
volume = {19},
number = {2},
pages = {557--571},
month = dec
}

@article{ArthurWoodward:1997en,
author = {Arthur Woodward, J and Palmer, Christina G S},
title = {{On the exact convolution of discrete random variables}},
journal = {Applied Mathematics and Computation},
year = {1997},
volume = {83},
number = {1},
pages = {69--77},
month = apr
}


@webpage{Yili:al1vGrvv,
author = {Yili, Hong},
title = {{On Computing the Distribution Function for the Sum of Independent and Non-identical Random Indicators }},
url = {https://pdfs.semanticscholar.org/fe97/c1358ec01c86cb8bbc4574fa064748f37e94.pdf}
}



@article{Daniels:1954hy,
author = {Daniels, H E},
title = {{Saddlepoint Approximations in Statistics}},
journal = {The Annals of Mathematical Statistics},
year = {1954},
volume = {25},
number = {4},
pages = {631--650},
month = dec
}


@article{Lugannani:1980jm,
author = {Lugannani, Robert and Rice, Stephen},
title = {{Saddle Point Approximation for the Distribution of the Sum of Independent Random Variables}},
journal = {Advances in Applied Probability},
year = {1980},
volume = {12},
number = {2},
pages = {475},
month = jun
}



@article{Anonymous:0hq1uBaf,
author = {Daniels, H E},
title = {{Tail Probability Approximations}},
journal = {International Statistical Review / Revue Internationale de Statistique},
year = {1987},
volume = {55},
number = {1},
pages = {37--48},
month = apr
}





